@article{Erskine1966,
  title = {Energy-Level Structure of $^{40}\mathrm{Ca}$ as Observed with the $^{39}\mathrm{K}(^{3}\mathrm{He}, d)^{40}\mathrm{Ca}$ Reaction},
  author = {Erskine, John R.},
  journal = {Phys. Rev.},
  volume = {149},
  issue = {3},
  pages = {854--862},
  numpages = {0},
  year = {1966},
  month = {Sep},
  publisher = {American Physical Society},
  doi = {10.1103/PhysRev.149.854},
  url = {https://link.aps.org/doi/10.1103/PhysRev.149.854}
}

@article{Seth1967,
  title = {Study of Proton Particle-Hole States in $^{40}\mathrm{Ca}$ by the $^{39}\mathrm{K}(^{3}\mathrm{He}, d)^{40}\mathrm{Ca}$ Reaction},
  author = {Seth, Kamal K. and Biggerstaff, J. A. and Miller, P. D. and Satchler, G. R.},
  journal = {Phys. Rev.},
  volume = {164},
  issue = {4},
  pages = {1450--1474},
  numpages = {0},
  year = {1967},
  month = {Dec},
  publisher = {American Physical Society},
  doi = {10.1103/PhysRev.164.1450},
  url = {https://link.aps.org/doi/10.1103/PhysRev.164.1450}
}

@article{Forster1970,
title = {Proton stripping to particle-hole states in $^{40}\mathrm{Ca}$ and $^{42}\mathrm{Ca}$},
journal = {Nuclear Physics A},
volume = {150},
number = {1},
pages = {30-48},
year = {1970},
issn = {0375-9474},
doi = {https://doi.org/10.1016/0375-9474(70)90452-5},
url = {https://www.sciencedirect.com/science/article/pii/0375947470904525},
author = {J.S. Forster and K. Bearpark and J.L. Hutton and J.F. Sharpey-Schafer},
keywords = {Nuclear Reactions},
}

@article{Fuchs1969,
title = {Investigation of states in $^{40}\mathrm{Ca}$ by the $^{39}\mathrm{K}(d, n)$ reaction},
journal = {Nuclear Physics A},
volume = {129},
number = {3},
pages = {545-570},
year = {1969},
issn = {0375-9474},
doi = {https://doi.org/10.1016/0375-9474(69)90700-3},
url = {https://www.sciencedirect.com/science/article/pii/0375947469907003},
author = {H. Fuchs and K. Grabisch and G. Röschert},
keywords = {Nuclear reactions},
}

@article{Cage1971,
title = {The $^{39}\mathrm{K}(^{3}\mathrm{He}, ^{3}\mathrm{He})^{39}\mathrm{K}$ and $^{39}\mathrm{K}(^{3}\mathrm{He}, d)^{40}\mathrm{Ca}$ reactions at 29.3 MeV},
journal = {Nuclear Physics A},
volume = {162},
number = {3},
pages = {657-672},
year = {1971},
issn = {0375-9474},
doi = {https://doi.org/10.1016/0375-9474(71)90263-6},
url = {https://www.sciencedirect.com/science/article/pii/0375947471902636},
author = {M.E. Cage and R.R. Johnson and P.D. Kunz and D.A. Lind},
keywords = {Nuclear Reactions},
}

@article{Longland2018,
  title = {Reaction rates for the $^{39}\mathrm{K}(p,\ensuremath{\gamma})^{40}\mathrm{Ca}$ reaction},
  author = {Longland, R. and Dermigny, J. and Marshall, C.},
  journal = {Phys. Rev. C},
  volume = {98},
  issue = {2},
  pages = {025802},
  numpages = {13},
  year = {2018},
  month = {Aug},
  publisher = {American Physical Society},
  doi = {10.1103/PhysRevC.98.025802},
  url = {https://link.aps.org/doi/10.1103/PhysRevC.98.025802}
}

@article{Gribble2022,
  title = {Investigation of $^{11}\mathrm{B}$ and $^{40}\mathrm{Ca}$ levels at 8--9 MeV by nuclear resonance fluorescence},
  author = {Gribble, D. and Iliadis, C. and Janssens, R. V. F. and Friman-Gayer, U. and Krishichayan and Finch, S.},
  journal = {Phys. Rev. C},
  volume = {106},
  issue = {1},
  pages = {014308},
  numpages = {13},
  year = {2022},
  month = {Jul},
  publisher = {American Physical Society},
  doi = {10.1103/PhysRevC.106.014308},
  url = {https://link.aps.org/doi/10.1103/PhysRevC.106.014308}
}

@article{Kahl2019,
title = {Single-particle shell strengths near the doubly magic nucleus $^{56}\mathrm{Ni}$ and the $^{56}\mathrm{Ni}(p, \gamma)^{57}\mathrm{Cu}$ reaction rate in explosive astrophysical burning},
journal = {Physics Letters B},
volume = {797},
pages = {134803},
year = {2019},
issn = {0370-2693},
doi = {https://doi.org/10.1016/j.physletb.2019.134803},
url = {https://www.sciencedirect.com/science/article/pii/S0370269319305076},
author = {D. Kahl and P.J. Woods and T. Poxon-Pearson and F.M. Nunes and B.A. Brown and H. Schatz and T. Baumann and D. Bazin and J.A. Belarge and P.C. Bender and B. Elman and A. Estrade and A. Gade and A. Kankainen and C. Lederer-Woods and S. Lipschutz and B. Longfellow and S.-J. Lonsdale and E. Lunderberg and F. Montes and W.J. Ong and G. Perdikakis and J. Pereira and C. Sullivan and R. Taverner and D. Weisshaar and R. Zegers},
keywords = {X-ray bursts, Shell model, Transfer reactions, Radioactive beams}
}

@article{Kankainen2016,
title = {Angle-integrated measurements of the $^{26}\mathrm{Al}(d, n)^{27}\mathrm{Si}$ reaction cross section: a probe of spectroscopic factors and astrophysical resonance strengths},
author = {A. Kankainen and P.J. Woods and F Nunes and C. Langer and H. Schatz and V. Bader and T. Baugher and D. Bazin and B.A. Brown and J. Browne and D.T. Doherty and A. Estrade and A. Gade and A. Kontos and G. Lotay and Z. Meisel and F. Montes and S. Noji and G. Perdikakis and J. Pereira and F. Recchia and T. Redpath and R. Stroberg and M. Scott and D. Seweryniak and J. Stevens and D. Weisshaar and K. Wimmer and R. Zegers},
journal = {Eur. Phys. J. A},
volume = {52},
pages = {16006},
year = {2016},
issn = {1},
doi = {10.1140/epja/i2016-16006-5},
url = {https://doi.org/10.1140/epja/i2016-16006-5}
}

@article{Chen2017,
title = {Nuclear Data Sheets for A=40},
journal = {Nuclear Data Sheets},
volume = {140},
pages = {1-376},
year = {2017},
issn = {0090-3752},
doi = {https://doi.org/10.1016/j.nds.2017.02.001},
url = {https://www.sciencedirect.com/science/article/pii/S0090375217300169},
author = {Jun Chen},
}

@article{Nolen1975,
  title = {High-resolution study of $^{40}\mathrm{Ca}$ via inelastic proton scattering at 35 MeV},
  author = {Nolen, J. A. and Gleitsmann, R. J.},
  journal = {Phys. Rev. C},
  volume = {11},
  issue = {4},
  pages = {1159--1166},
  numpages = {0},
  year = {1975},
  month = {Apr},
  publisher = {American Physical Society},
  doi = {10.1103/PhysRevC.11.1159},
  url = {https://link.aps.org/doi/10.1103/PhysRevC.11.1159}
}

@article{Kikstra1990,
title = {The 40Ca level scheme investigated with the $^{39}\mathrm{K}(p,\gamma)^{40}\mathrm{Ca}$ reaction},
journal = {Nuclear Physics A},
volume = {512},
number = {3},
pages = {425-465},
year = {1990},
issn = {0375-9474},
doi = {https://doi.org/10.1016/0375-9474(90)90080-6},
url = {https://www.sciencedirect.com/science/article/pii/0375947490900806},
author = {S.W. Kikstra and C. {Van Der Leun} and P.M. Endt and J.G.L. Booten and A.G.M. {van Hees} and A.A. Wolters},
keywords = {Nuclear Structure},
}

@article{Tellez1973,
  author="A. {Tellez} and H. {Ronsin} and R. {Ballini} and I. {Fodor}",
  title="Etats de $^{40}\mathrm{Ca}$ Excites Jusqu'a 9 $\mathrm{MeV}$",
  journal="J.Phys.(Paris)",
  year=1973,
  volume="34",
  pages="281"
}

@article{Cline1974,
title = {Particle-hole multiplets in $^{40}\mathrm{Ca}$ observed in the $^{41}\mathrm{Ca}(\tau, \alpha)$ reaction},
journal = {Nuclear Physics A},
volume = {233},
number = {1},
pages = {91-104},
year = {1974},
issn = {0375-9474},
doi = {https://doi.org/10.1016/0375-9474(74)90243-7},
url = {https://www.sciencedirect.com/science/article/pii/0375947474902437},
author = {D. Cline and M.J.A. {De Voigt} and P.B. Vold and Ole Hansen and O. Nathan and D. Sinclair},
keywords = {Nuclear reactions},
}

@article{Steffen1980,
title = {Backward-angle high-resolution inelastic electron scattering on $^{40, 42, 44, 48}\mathrm{Ca}$ and observation of a very strong magnetic dipole ground-state transition in $^{48}\mathrm{Ca}$},
journal = {Physics Letters B},
volume = {95},
number = {1},
pages = {23-26},
year = {1980},
issn = {0370-2693},
doi = {https://doi.org/10.1016/0370-2693(80)90390-1},
url = {https://www.sciencedirect.com/science/article/pii/0370269380903901},
author = {W. Steffen and H.-D. Gräf and W. Gross and D. Meuer and A. Richter and E. Spamer and O. Titze and W. Knüpfer},
}

@article{Horen1984,
  title = {Excitation of $E2$ transitions in $^{40}\mathrm{Ca}$ by $334-\mathrm{MeV}$ protons},
  author = {Horen, D. J. and Bertrand, F. E. and Gross, E. E. and Sjoreen, T. P. and McDaniels, D. K. and Tinsley, J. R. and Lisantti, J. and Swenson, L. W. and McClelland, J. B. and Carey, T. A. and Seestrom-Morris, S. J. and Jones, K.},
  journal = {Phys. Rev. C},
  volume = {30},
  issue = {2},
  pages = {709--711},
  numpages = {0},
  year = {1984},
  month = {Aug},
  publisher = {American Physical Society},
  doi = {10.1103/PhysRevC.30.709},
  url = {https://link.aps.org/doi/10.1103/PhysRevC.30.709}
}

@article{Horen1985,
  title = {Cross sections and analyzing powers for quenched spin excitations in $^{40,48}\mathrm{Ca}$ at ${E}_{\mathrm{p}}=334 \, \mathrm{MeV}$},
  author = {Horen, D. J. and Bertrand, F. E. and Gross, E. E. and Sjoreen, T. P. and McDaniels, D. K. and Tinsley, J. R. and Lisantti, J. and Swenson, L. W. and McClelland, J. B. and Carey, T. A. and Seestrom-Morris, S. J. and Jones, K.},
  journal = {Phys. Rev. C},
  volume = {31},
  issue = {6},
  pages = {2049--2053},
  numpages = {0},
  year = {1985},
  month = {Jun},
  publisher = {American Physical Society},
  doi = {10.1103/PhysRevC.31.2049},
  url = {https://link.aps.org/doi/10.1103/PhysRevC.31.2049}
}

@article{Hosono1982,
  title = {Analyzing powers for proton inelastic scattering to unnatural-parity states in $^{40}\mathrm{Ca}$ and $^{28}\mathrm{Si}$},
  author = {Hosono, K. and Matsuoka, N. and Hatanaka, K. and Saito, T. and Noro, T. and Kondo, M. and Kato, S. and Okada, K. and Ogino, K. and Kadota, Y.},
  journal = {Phys. Rev. C},
  volume = {26},
  issue = {4},
  pages = {1440--1450},
  numpages = {0},
  year = {1982},
  month = {Oct},
  publisher = {American Physical Society},
  doi = {10.1103/PhysRevC.26.1440},
  url = {https://link.aps.org/doi/10.1103/PhysRevC.26.1440}
}

@article{Gruhn1972,
  title = {Energy Dependence of Proton Inelastic Scattering from $^{40}\mathrm{Ca}$},
  author = {Gruhn, C. R. and Kuo, T. Y. T. and Maggiore, C. J. and McManus, H. and Petrovich, F. and Preedom, B. M.},
  journal = {Phys. Rev. C},
  volume = {6},
  issue = {3},
  pages = {915--944},
  numpages = {0},
  year = {1972},
  month = {Sep},
  publisher = {American Physical Society},
  doi = {10.1103/PhysRevC.6.915},
  url = {https://link.aps.org/doi/10.1103/PhysRevC.6.915}
}

@inproceedings{Seth1977,
  author = {K. K. {Seth} and A. {Saha} and H. {Nann} and B. H. {Wildenthal}},
  title = {$(p, t)$ Reactions on $^{41}\mathrm{K}$, $^{42}\mathrm{Ca}$ and $^{43}\mathrm{Ca}$ and Core Excited States},
  booktitle = {Proc.Intern.Conf.Nuclear Structure},
  year = {1977},
  volume = {1},
  pages = {225},
  address = {Tokyo}
}

@article{Seth1974,
  title = {Discovery of the Missing Two-Particle, Two-Hole ${0}^{+}$ States in $^{40}\mathrm{Ca}$},
  author = {Seth, Kamal K. and Saha, A. and Benenson, W. and Lanford, W. A. and Nann, H. and Wildenthal, B. H.},
  journal = {Phys. Rev. Lett.},
  volume = {33},
  issue = {4},
  pages = {233--236},
  numpages = {0},
  year = {1974},
  month = {Jul},
  publisher = {American Physical Society},
  doi = {10.1103/PhysRevLett.33.233},
  url = {https://link.aps.org/doi/10.1103/PhysRevLett.33.233}
}

@article{Debevec1974,
  title = {Reaction $^{42}\mathrm{Ca}(p,t)^{40}\mathrm{Ca}$ and the structure of $^{40}\mathrm{Ca}$},
  author = {Debevec, P. T. and Garvey, G. T.},
  journal = {Phys. Rev. C},
  volume = {10},
  issue = {2},
  pages = {680--696},
  numpages = {0},
  year = {1974},
  month = {Aug},
  publisher = {American Physical Society},
  doi = {10.1103/PhysRevC.10.680},
  url = {https://link.aps.org/doi/10.1103/PhysRevC.10.680}
}

@article{Huang2021,
doi = {10.1088/1674-1137/abddb0},
url = {https://dx.doi.org/10.1088/1674-1137/abddb0},
year = {2021},
month = {mar},
publisher = {Chinese Physical Society and the Institute of High Energy Physics of the Chinese Academy of Sciences and the Institute of Modern Physics of the Chinese Academy of Sciences and IOP Publishing Ltd},
volume = {45},
number = {3},
pages = {030002},
author = {W.J. Huang and Meng Wang and F.G. Kondev and G. Audi and S. Naimi},
title = {The AME 2020 atomic mass evaluation (I). Evaluation of input data, and adjustment procedures*},
journal = {Chinese Physics C}
}

@article{Wang2021,
doi = {10.1088/1674-1137/abddaf},
url = {https://dx.doi.org/10.1088/1674-1137/abddaf},
year = {2021},
month = {mar},
publisher = {Chinese Physical Society and the Institute of High Energy Physics of the Chinese Academy of Sciences and the Institute of Modern Physics of the Chinese Academy of Sciences and IOP Publishing Ltd},
volume = {45},
number = {3},
pages = {030003},
author = {Meng Wang and W.J. Huang and F.G. Kondev and G. Audi and S. Naimi},
title = {The AME 2020 atomic mass evaluation (II). Tables, graphs and references*},
journal = {Chinese Physics C},
}

@article{Hartmann2002,
  title = {Dipole and electric quadrupole excitations in ${}^{40,48}\mathrm{Ca}$},
  author = {Hartmann, T. and Enders, J. and Mohr, P. and Vogt, K. and Volz, S. and Zilges, A.},
  journal = {Phys. Rev. C},
  volume = {65},
  issue = {3},
  pages = {034301},
  numpages = {13},
  year = {2002},
  month = {Feb},
  publisher = {American Physical Society},
  doi = {10.1103/PhysRevC.65.034301},
  url = {https://link.aps.org/doi/10.1103/PhysRevC.65.034301}
}

@article{Moreh1982,
  title = {Strong $E2$ and $M1$ transitions in $^{40}\mathrm{Ca}$},
  author = {Moreh, R. and Sandefur, W. M. and Sellyey, W. C. and Sutton, D. C. and Vodhanel, R.},
  journal = {Phys. Rev. C},
  volume = {25},
  issue = {4},
  pages = {1824--1829},
  numpages = {0},
  year = {1982},
  month = {Apr},
  publisher = {American Physical Society},
  doi = {10.1103/PhysRevC.25.1824},
  url = {https://link.aps.org/doi/10.1103/PhysRevC.25.1824}
}

@article{Longland2010a,
title = {Charged-particle thermonuclear reaction rates: I. Monte Carlo method and statistical distributions},
journal = {Nuclear Physics A},
volume = {841},
number = {1},
pages = {1-30},
year = {2010},
issn = {0375-9474},
doi = {https://doi.org/10.1016/j.nuclphysa.2010.04.008},
url = {https://www.sciencedirect.com/science/article/pii/S0375947410004185},
author = {R. Longland and C. Iliadis and A.E. Champagne and J.R. Newton and C. Ugalde and A. Coc and R. Fitzgerald},
keywords = {Thermonuclear reaction rates}
}

@article{Cheng1981,
author = {Cheng, C.-W. and Saha, S. K. and Keinonen, J. and Mak, H.-B. and McLatchie, W.},
title = {Hydrogen burning of $^{39}\mathrm{K}$ in explosive oxygen burning},
journal = {Canadian Journal of Physics},
volume = {59},
number = {2},
pages = {238-243},
year = {1981},
doi = {10.1139/p81-030},
url = {https://doi.org/10.1139/p81-030}
}

@article{Leenhouts1966,
title = {Gamma decay of levels in $^{40}\mathrm{Ca}$ measured with the $^{39}\mathrm{K}(p, \gamma)^{40}\mathrm{Ca}$ reaction},
journal = {Physica},
volume = {32},
number = {2},
pages = {322-336},
year = {1966},
issn = {0031-8914},
doi = {https://doi.org/10.1016/0031-8914(66)90061-9},
url = {https://www.sciencedirect.com/science/article/pii/0031891466900619},
author = {H.P. Leenhouts and P.M. Endt}
}

@article{Iliadis2016,
doi = {10.3847/0004-637X/818/1/98},
url = {https://dx.doi.org/10.3847/0004-637X/818/1/98},
year = {2016},
month = {feb},
publisher = {The American Astronomical Society},
volume = {818},
number = {1},
pages = {98},
author = {C. Iliadis and A. I. Karakas and N. Prantzos and J. C. Lattanzio and C. L. Doherty},
title = {ON POTASSIUM AND OTHER ABUNDANCE ANOMALIES OF RED GIANTS IN NGC 2419},
journal = {The Astrophysical Journal}
}

@article{Liang2009,
doi = {10.1088/0954-3899/36/8/085104},
url = {https://dx.doi.org/10.1088/0954-3899/36/8/085104},
year = {2009},
month = {jul},
publisher = {},
volume = {36},
number = {8},
pages = {085104},
author = {Chun-Tian Liang and Xiao-Hua Li and Chong-Hai Cai},
title = {Global $^{3}\mathrm{He}$ optical model potential below 270 $\mathrm{MeV}$},
journal = {Journal of Physics G: Nuclear and Particle Physics}
}

@article{An2006,
  title = {Global deuteron optical model potential for the energy range up to 183 $\mathrm{MeV}$},
  author = {An, Haixia and Cai, Chonghai},
  journal = {Phys. Rev. C},
  volume = {73},
  issue = {5},
  pages = {054605},
  numpages = {9},
  year = {2006},
  month = {May},
  publisher = {American Physical Society},
  doi = {10.1103/PhysRevC.73.054605},
  url = {https://link.aps.org/doi/10.1103/PhysRevC.73.054605}
}

@article{Piotto2007,
author={Piotto,Giampaolo},
year={2007},
month={09},
title={Observational Evidence of Multiple Stellar Populations in Globular Clusters},
journal={International Astronomical Union. Proceedings of the International Astronomical Union},
volume={3},
pages={141-150},
note={},
keywords={Astronomy; Stars & galaxies; Astrophysics; Star & galaxy formation},
isbn={17439213},
url={https://proxying.lib.ncsu.edu/index.php/login?url=https://www.proquest.com/scholarly-journals/observational-evidence-multiple-stellar/docview/312263330/se-2}
}

@article{Bedin2004,
doi = {10.1086/420847},
url = {https://dx.doi.org/10.1086/420847},
year = {2004},
month = {mar},
publisher = {},
volume = {605},
number = {2},
pages = {L125},
author = {Luigi R. Bedin and Giampaolo Piotto and Jay Anderson and Santi Cassisi and Ivan R. King and Yazan Momany and Giovanni Carraro},
title = {$\omega$ Centauri: The Population Puzzle Goes Deeper},
journal = {The Astrophysical Journal}
}

@article{Gratton2019,
doi = {10.1007/s00159-019-0119-3},
url = {https://doi.org/10.1007/s00159-019-0119-3},
year = {2019},
month = {11},
publisher = {},
volume = {27},
number = {1},
pages = {8},
author = {Gratton, Raffaele and Bragaglia, Angela and Carretta, Eugenio and D’Orazi, Valentina and Lucatello, Sara and Sollima, Antonio},
title = {What is a globular cluster? An observational perspective},
journal = {The Astronomy and Astrophysics Review}
}

@article{Prantzos2007,
author={Prantzos,Nikos and Charbonnel,Corinne and Iliadis,Christian},
year={2007},
month={Apr},
volume = {470},
pages = {179-190},
title={Light nuclei in galactic globular clusters: constraints on the self-enrichment scenario from nucleosynthesis},
journal={Astronomy and Astrophysics},
url={https://proxying.lib.ncsu.edu/index.php/login?url=https://www.proquest.com/working-papers/light-nuclei-galactic-globular-clusters/docview/2089895857/se-2},
}

@article{Mucciarelli2012,
author = {Mucciarelli, A. and Bellazzini, M. and Ibata, R. and Merle, T. and Chapman, S. C. and Dalessandro, E. and Sollima, A.},
title = {News from the Galactic suburbia: the chemical composition of the remote globular cluster NGC 2419},
journal = {Monthly Notices of the Royal Astronomical Society},
volume = {426},
number = {4},
pages = {2889-2900},
keywords = {stars: abundances, stars: atmospheres, stars: evolution, stars: Population II, globular clusters: individual: NGC 2419},
doi = {https://doi.org/10.1111/j.1365-2966.2012.21847.x},
url = {https://onlinelibrary.wiley.com/doi/abs/10.1111/j.1365-2966.2012.21847.x},
year = {2012}
}

@article{Cohen2012,
author = {Cohen, Judith G. and Kirby, Evan N.},
year = {2012},
month = {Nov},
volume = {760},
number = {86},
pages = {15},
title = {The Bizarre Chemical Inventory of NGC 2419, An Extreme Outer Halo Globular Cluster},
journal = {The Astrophysical Journal},
url = {https://proxying.lib.ncsu.edu/index.php/login?url=https://www.proquest.com/working-papers/bizarre-chemical-inventory-ngc-2419-extreme-outer/docview/2085518321/se-2},
}

@article{Ventura2012,
doi = {10.1088/2041-8205/761/2/L30},
url = {https://dx.doi.org/10.1088/2041-8205/761/2/L30},
year = {2012},
month = {Dec},
publisher = {The American Astronomical Society},
volume = {761},
number = {2},
pages = {L30},
author = {Paolo Ventura and Francesca D'Antona and Marcella Di Criscienzo and Roberta Carini and Annibale D'Ercole and Enrico Vesperini},
title = {SUPER-AGB–AGB EVOLUTION AND THE CHEMICAL INVENTORY IN NGC 2419},
journal = {The Astrophysical Journal Letters}
}

@article{Dermigny2017,
doi = {10.3847/1538-4357/aa8ad0},
url = {https://dx.doi.org/10.3847/1538-4357/aa8ad0},
year = {2017},
month = {oct},
publisher = {The American Astronomical Society},
volume = {848},
number = {1},
pages = {14},
author = {J. R. Dermigny and C. Iliadis},
title = {Sensitivity to Thermonuclear Reaction Rates in Modeling the Abundance Anomalies of NGC 2419},
journal = {The Astrophysical Journal}
}

@article{Marshall2019,
author={Marshall, Caleb and Setoodehnia, Kiana and Kowal, Katie and Portillo, Federico and Champagne, Arthur E. and Hale, Stephen and Dummer, Andrew and Longland, Richard},
journal={IEEE Transactions on Instrumentation and Measurement}, 
title={The Focal-Plane Detector Package on the TUNL Split-Pole Spectrograph}, 
year={2019},
volume={68},
number={2},
pages={533-546},
doi={10.1109/TIM.2018.2847938}
}

@article{Bassel1966,
  title = {Normalization of and Finite-Range Effects in ($^{3}\mathrm{He}$, $d$) and ($t, d$) Reactions},
  author = {Bassel, R. H.},
  journal = {Phys. Rev.},
  volume = {149},
  issue = {3},
  pages = {791--797},
  numpages = {0},
  year = {1966},
  month = {Sep},
  publisher = {American Physical Society},
  doi = {10.1103/PhysRev.149.791},
  url = {https://link.aps.org/doi/10.1103/PhysRev.149.791}
}

@article{Thompson1988,
title = {Coupled reaction channels calculations in nuclear physics},
journal = {Computer Physics Reports},
volume = {7},
number = {4},
pages = {167-212},
year = {1988},
issn = {0167-7977},
doi = {https://doi.org/10.1016/0167-7977(88)90005-6},
url = {https://www.sciencedirect.com/science/article/pii/0167797788900056},
author = {Ian J. Thompson}
}

@article{Hale2004,
  title = {Investigation of the $^{23}\mathrm{Na}(p,\ensuremath{\gamma})^{24}\mathrm{Mg}$ and $^{23}\mathrm{Na}(p,\ensuremath{\alpha})^{20}\mathrm{Ne}$ reactions via $(^{3}\mathrm{He},d)$ spectroscopy},
  author = {Hale, S. E. and Champagne, A. E. and Iliadis, C. and Hansper, V. Y. and Powell, D. C. and Blackmon, J. C.},
  journal = {Phys. Rev. C},
  volume = {70},
  issue = {4},
  pages = {045802},
  numpages = {14},
  year = {2004},
  month = {Oct},
  publisher = {American Physical Society},
  doi = {10.1103/PhysRevC.70.045802},
  url = {https://link.aps.org/doi/10.1103/PhysRevC.70.045802}
}

@article{Brida2011,
  title = {Quantum Monte Carlo calculations of spectroscopic overlaps in $A\ensuremath{\leqslant}7$ nuclei},
  author = {Brida, I. and Pieper, Steven C. and Wiringa, R. B.},
  journal = {Phys. Rev. C},
  volume = {84},
  issue = {2},
  pages = {024319},
  numpages = {15},
  year = {2011},
  month = {Aug},
  publisher = {American Physical Society},
  doi = {10.1103/PhysRevC.84.024319},
  url = {https://link.aps.org/doi/10.1103/PhysRevC.84.024319}
}

@article{Endt1977,
title = {Spectroscopic factors for single-nucleon transfer in the A = 21–44 region},
author = {Endt, P. M.},
journal = {Atomic Data and Nuclear Data Tables},
volume = {19},
number = {1},
pages = {23-61},
year = {1977},
issn = {0092-640X},
doi = {https://doi.org/10.1016/0092-640X(77)90008-0},
url = {https://www.sciencedirect.com/science/article/pii/0092640X77900080}
}

@article{Carretta2009,
	author = {{Carretta, E.} and {Bragaglia, A.} and {Gratton, R.} and {Lucatello, S.}},
	title = {Na-O anticorrelation and HB*** - VIII. Proton-capture elements and
metallicities in 17 globular clusters  from UVES 
spectra 
 },
	DOI= "10.1051/0004-6361/200912097",
	url= "https://doi.org/10.1051/0004-6361/200912097",
	journal = {A\&A},
	year = 2009,
	volume = 505,
	number = 1,
	pages = "139-155",
}

@article{Carretta2010,
	author = {{Carretta, E.} and {Bragaglia, A.} and {Gratton, R. G.} and {Recio-Blanco, A.} and {Lucatello, S.} and {D'Orazi, V.} and {Cassisi, S.}},
	title = {Properties of stellar generations in globular clusters and 
relations with global parameters},
	DOI= "10.1051/0004-6361/200913451",
	url= "https://doi.org/10.1051/0004-6361/200913451",
	journal = {A\&A},
	year = 2010,
	volume = 516,
	pages = "A55",
	month = "",
}

@article{Sbordone2007,
	author = {{Sbordone, L.} and {Bonifacio, P.} and {Buonanno, R.} and {Marconi, G.} and {Monaco, L.} and {Zaggia, S.}},
	title = {The exotic chemical composition of the Sagittarius  dwarf spheroidal galaxy },
	DOI= "10.1051/0004-6361:20066385",
	url= "https://doi.org/10.1051/0004-6361:20066385",
	journal = {A\&A},
	year = 2007,
	volume = 465,
	number = 3,
	pages = "815-824",
}

@article{Cohen2004,
doi = {10.1086/382104},
url = {https://dx.doi.org/10.1086/382104},
year = {2004},
month = {mar},
publisher = {},
volume = {127},
number = {3},
pages = {1545},
author = {Judith G. Cohen},
title = {Palomar 12 as a Part of the Sagittarius Stream: The Evidence from Abundance Ratios*},
journal = {The Astronomical Journal}
}

@article{Gratton2004,
author = {Gratton, Raffaele and Sneden, Christopher and Carretta, Eugenio},
title = {Abundance Variations within Globular Clusters},
journal = {Annual Review of Astronomy and Astrophysics},
volume = {42},
number = {1},
pages = {385-440},
year = {2004},
doi = {10.1146/annurev.astro.42.053102.133945},
URL = {https://doi.org/10.1146/annurev.astro.42.053102.133945},
eprint = {https://doi.org/10.1146/annurev.astro.42.053102.133945}
}

@article{Gratton2012,
author={Gratton, Raffaele G.
and Carretta, Eugenio
and Bragaglia, Angela},
title={Multiple populations in globular clusters},
journal={The Astronomy and Astrophysics Review},
year={2012},
month={Feb},
day={28},
volume={20},
number={1},
pages={50},
issn={1432-0754},
doi={10.1007/s00159-012-0050-3},
url={https://doi.org/10.1007/s00159-012-0050-3}
}

@article{Denisenkov1989,
       author = {{Denisenkov}, P.~A. and {Denisenkova}, S.~N.},
        title = "{Possible Explanation of the Correlation Between Nitrogen and Sodium Over Abundances for Red Giants in Globular Clusters}",
      journal = {Astronomicheskij Tsirkulyar},
         year = 1989,
        month = jun,
       volume = {1538},
        pages = {11},
       adsurl = {https://ui.adsabs.harvard.edu/abs/1989ATsir1538...11D},
      adsnote = {Provided by the SAO/NASA Astrophysics Data System}
}

@article{Langer1993,
doi = {10.1086/133147},
url = {https://dx.doi.org/10.1086/133147},
year = {1993},
month = {mar},
publisher = {The Astronomical Society of the Pacific},
volume = {105},
number = {685},
pages = {301},
author = {G. E. Langer and R. Hoffman and C. Sneden},
title = {SODIUM-OXYGEN ABUNDANCE ANTICORRELATIONS AND DEEP MIXING SCENARIOS FOR GLOBULAR CLUSTER GIANTS},
journal = {Publications of the Astronomical Society of the Pacific}
}

@article{DErcole2010,
    author = {{D'Ercole}, Annibale and {D'Antona}, Francesca and Ventura, Paolo and Vesperini, Enrico and McMillan, Stephen L. W.},
    title = {Abundance patterns of multiple populations in globular clusters: a chemical evolution model based on yields from AGB ejecta},
    journal = {Monthly Notices of the Royal Astronomical Society},
    volume = {407},
    number = {2},
    pages = {854-869},
    year = {2010},
    month = {09},
    issn = {0035-8711},
    doi = {10.1111/j.1365-2966.2010.16996.x},
    url = {https://doi.org/10.1111/j.1365-2966.2010.16996.x},
    eprint = {https://academic.oup.com/mnras/article-pdf/407/2/854/3892393/mnras0407-0854.pdf}
}

@article{DErcole2011,
    author = {{D'Ercole}, Annibale and {D'Antona}, Francesca and Vesperini, Enrico},
    title = {Formation of multiple populations in globular clusters: constraints on the dilution by pristine gas},
    journal = {Monthly Notices of the Royal Astronomical Society},
    volume = {415},
    number = {2},
    pages = {1304-1309},
    year = {2011},
    month = {07},
    issn = {0035-8711},
    doi = {10.1111/j.1365-2966.2011.18776.x},
    url = {https://doi.org/10.1111/j.1365-2966.2011.18776.x},
    eprint = {https://academic.oup.com/mnras/article-pdf/415/2/1304/3496027/mnras0415-1304.pdf}
}

@article{DErcole2012,
    author = {{D'Ercole}, Annibale and {D'Antona}, Francesca and Carini, Roberta and Vesperini, Enrico and Ventura, Paolo},
    title = {The role of super-asymptotic giant branch ejecta in the abundance patterns of multiple populations in globular clusters},
    journal = {Monthly Notices of the Royal Astronomical Society},
    volume = {423},
    number = {2},
    pages = {1521-1533},
    year = {2012},
    month = {06},
    doi = {10.1111/j.1365-2966.2012.20974.x},
    url = {https://doi.org/10.1111/j.1365-2966.2012.20974.x},
    eprint = {https://academic.oup.com/mnras/article-pdf/423/2/1521/2858079/mnras0423-1521.pdf}
}

@misc{NGC2419Hubble,
	author = {{ESA/Hubble} and {NASA}},
	title = {Hubble Spies a Multi-Generational Cluster},
	year = {2023},
	url = {https://www.nasa.gov/image-feature/goddard/2023/hubble-spies-a-multi-generational-cluster}
}

@article{Larsen2019,
	author = {{Larsen, S\o{}ren S.} and {Baumgardt, Holger} and {Bastian, Nate} and {Hernandez, Svea} and {Brodie, Jean}},
	title = {Hubble Space Telescope photometry of multiple stellar populations in the inner parts of NGC 2419},
	DOI= "10.1051/0004-6361/201834494",
	url= "https://doi.org/10.1051/0004-6361/201834494",
	journal = {A\&A},
	year = 2019,
	volume = 624,
	pages = "A25",
}

@article{Mucciarelli2015,
doi = {10.1088/0004-637X/801/1/68},
url = {https://dx.doi.org/10.1088/0004-637X/801/1/68},
year = {2015},
month = {mar},
publisher = {The American Astronomical Society},
volume = {801},
number = {1},
pages = {68},
author = {Alessio Mucciarelli and Michele Bellazzini and Thibault Merle and Bertrand Plez and Emanuele Dalessandro and Rodrigo Ibata},
title = {POTASSIUM: A NEW ACTOR ON THE GLOBULAR CLUSTER CHEMICAL EVOLUTION STAGE. THE CASE OF NGC 2808*},
journal = {The Astrophysical Journal}
}

@article{Mucciarelli2017,
	author = {{Mucciarelli, A.} and {Merle, T.} and {Bellazzini, M.}},
	title = {The potassium abundance in the globular clusters   NGC 104, NGC 6752 and NGC 6809},
	DOI= "10.1051/0004-6361/201730410",
	url= "https://doi.org/10.1051/0004-6361/201730410",
	journal = {A\&A},
	year = 2017,
	volume = 600,
	pages = "A104",
}

@article{Sallaska2013,
doi = {10.1088/0067-0049/207/1/18},
url = {https://dx.doi.org/10.1088/0067-0049/207/1/18},
year = {2013},
month = {jul},
publisher = {The American Astronomical Society},
volume = {207},
number = {1},
pages = {18},
author = {A. L. Sallaska and C. Iliadis and A. E. Champange and S. Goriely and S. Starrfield and F. X. Timmes},
title = {STARLIB: A NEXT-GENERATION REACTION-RATE LIBRARY FOR NUCLEAR ASTROPHYSICS},
journal = {The Astrophysical Journal Supplement Series}
}

@article{Porter1956,
  title = {Fluctuations of Nuclear Reaction Widths},
  author = {Porter, C. E. and Thomas, R. G.},
  journal = {Phys. Rev.},
  volume = {104},
  issue = {2},
  pages = {483--491},
  numpages = {0},
  year = {1956},
  month = {Oct},
  publisher = {American Physical Society},
  doi = {10.1103/PhysRev.104.483},
  url = {https://link.aps.org/doi/10.1103/PhysRev.104.483}
}

@article{Weidenmuller2009,
  title = {Random matrices and chaos in nuclear physics: Nuclear structure},
  author = {Weidenm\"uller, H. A. and Mitchell, G. E.},
  journal = {Rev. Mod. Phys.},
  volume = {81},
  issue = {2},
  pages = {539--589},
  numpages = {0},
  year = {2009},
  month = {May},
  publisher = {American Physical Society},
  doi = {10.1103/RevModPhys.81.539},
  url = {https://link.aps.org/doi/10.1103/RevModPhys.81.539}
}

@article{Yamaya1994,
title = {Cluster structure in $^{40}\mathrm{Ca}$ via the $\alpha$-transfer reaction},
journal = {Nuclear Physics A},
volume = {573},
number = {1},
pages = {154-172},
year = {1994},
issn = {0375-9474},
doi = {https://doi.org/10.1016/0375-9474(94)90019-1},
url = {https://www.sciencedirect.com/science/article/pii/0375947494900191},
author = {T. Yamaya and M. Saitoh and M. Fujiwara and T. Itahashi and K. Katori and T. Suehiro and S. Kato and S. Hatori and S. Ohkubo},
keywords = {Nuclear reactions}
}

@article{Iliadis2020,
doi = {10.3847/1538-4357/abb1a3},
url = {https://dx.doi.org/10.3847/1538-4357/abb1a3},
year = {2020},
month = {sep},
publisher = {The American Astronomical Society},
volume = {901},
number = {2},
pages = {127},
author = {Christian Iliadis and Alain Coc},
title = {Thermonuclear Reaction Rates and Primordial Nucleosynthesis},
journal = {The Astrophysical Journal}
}

@article{Landau1944,
year = {1944},
volume = {8},
pages = {201},
author = {L. D. Landau},
title = {On the Energy Loss of Fast Particles by Ionisation},
journal = {J. Exp. Phys. (USSR)}
}

@misc{BayeSpec,
author = {R. Longland},
note = {Private GitHub Repository},
title = {\textnormal{``Analysis-BayeSpec''}},
year = {2018},
publisher = {GitHub}
}

@misc{Rethinking,
author = {R. McElreath},
note = {\url{https://github.com/rmcelreath/rethinking}},
title = {\textnormal{``rethinking''}},
year = {2013},
publisher = {GitHub}
}

@misc{Jam,
author = {K. Swartz and D. Visser and J. Baris},
note = {\url{http://jam-daq.sourceforge.net/}},
title = {\textnormal{``Jam-v3.1.3-Linux''}},
year = {2002},
publisher = {SourceForge}
}

@article{Swartz2001,
title = {A Java-based data acquisition system for nuclear physics},
journal = {Nuclear Instruments and Methods in Physics Research Section A: Accelerators, Spectrometers, Detectors and Associated Equipment},
volume = {463},
number = {1},
pages = {354-360},
year = {2001},
issn = {0168-9002},
doi = {https://doi.org/10.1016/S0168-9002(01)00316-3},
url = {https://www.sciencedirect.com/science/article/pii/S0168900201003163},
author = {Kenneth B. Swartz and Dale W. Visser and John M. Baris},
keywords = {Nuclear physics, Data acquisition, Java, Computer languages, CAMAC, VME}
}

@misc{EngeSpec,
author = {R. Longland},
note = {\url{https://github.com/TUNL-Enge/DAQ-EngeSpec}},
title = {\textnormal{``DAQ-EngeSpec''}},
year = {2019},
publisher = {GitHub}
}

@misc{RatesMC,
  author = {R. Longland},
  note = {\url{https://github.com/rlongland/RatesMC}},
  title = {\textnormal{``RatesMC''}},
  year = {2023},
  publisher = {GitHub}
}

@misc{Fresco,
author = {I. J. Thompson},
note = {\url{https://github.com/I-Thompson/fresco}},
title = {\textnormal{``Fresco''}},
year = {2006},
publisher = {GitHub}
}

@article{Babu2016,
author = {Babu, S. and Badiger, N.},
year = {2016},
month = {06},
pages = {1118-1123},
title = {Measurement of Energy Loss Straggling of Relativistic Electrons in Thin Aluminum Foils},
volume = {129},
journal = {Acta Physica Polonica A},
doi = {10.12693/APhysPolA.129.1118}
}

@book{Iliadis2015,
  title     = {Nuclear Physics of Stars},
  author    = {C. Iliadis},
  year      = {2015},
  publisher = {Wiley-VCH},
  edition = {2}
}

@book{Rolfs1988,
title = {Cauldrons in the Cosmos},
author = {C. Rolfs and W. Rodney},
year = {1988},
publisher = {The University of Chicago Press},
edition = {1}
}

@phdthesis{SetoodehniaThesis,
title = {Level Structure of $^{30}$S and the $^{29}\mathrm{P}(p,\gamma)^{30}\mathrm{S}$ Reaction Rate},
author = {K. Setoodehnia},
year = {2011},
school = {McMaster University},
}

@misc{RStan,
author = {J. Guo and J. Gabry and B. Goodrich and A. Johnson and S. Weber and others},
note = {\url{https://github.com/stan-dev/rstan}},
title = {\textnormal{``RStan'', v2.26.23}},
year = {2020},
publisher = {GitHub}
}

@misc{Stan,
author = {Stan Development Team},
note = {\url{https://mc-stan.org}},
title = {\textnormal{``Stan Modeling Language Users Guide and Reference Manual'', v2.33}},
year = {2011},
publisher = {}
}

@misc{jrelkin,
author = {D. Visser},
note = {\url{https://sourceforge.net/projects/nukesim-classes/}},
title = {\textnormal{``JRelKin''}},
year = {2003},
publisher = {SourceForge}
}

@book{Satchler1988,
  title     = {Direct nuclear reactions},
  author    = {G. Satchler},
  year      = {1988},
  publisher = {Oxford University Press},
  edition = {}
}
  
@book{Krane1987,
  title     = {Introductory Nuclear Physics},
  author    = {K. Krane},
  year      = {1987},
  publisher = {Wiley},
  edition = {}
}

@book{Hodgson1971,
title = {Nuclear reactions and nuclear structure},
author = {P. Hodgson},
year = {1971},
publisher = {Clarendon Press},
edition = {},
note = {International series of monographs on physics}
}

@article{Breit1936,
  title = {Capture of Slow Neutrons},
  author = {Breit, G. and Wigner, E.},
  journal = {Phys. Rev.},
  volume = {49},
  issue = {7},
  pages = {519--531},
  numpages = {0},
  year = {1936},
  month = {Apr},
  publisher = {American Physical Society},
  doi = {10.1103/PhysRev.49.519},
  url = {https://link.aps.org/doi/10.1103/PhysRev.49.519}
}

@article{Iliadis1997,
title = {Proton single-particle reduced widths for unbound states},
journal = {Nuclear Physics A},
volume = {618},
number = {1},
pages = {166-175},
year = {1997},
issn = {0375-9474},
doi = {https://doi.org/10.1016/S0375-9474(97)00065-1},
url = {https://www.sciencedirect.com/science/article/pii/S0375947497000651},
author = {C. Iliadis}
}

@misc{Hammache2021,
author={Hammache,Faïrouz and de Séréville,Nicolas},
year={2021},
month={Jul 28},
title={Transfer reactions as a Tool in Nuclear Astrophysics},
journal={arXiv.org},
note={Copyright - © 2021. This work is published under http://creativecommons.org/licenses/by-nc-nd/4.0/ (the “License”). Notwithstanding the ProQuest Terms and Conditions, you may use this content in accordance with the terms of the License; Last updated - 2023-03-20},
keywords={Business And Economics--Banking And Finance; Stellar evolution; Astrophysics; Nuclear reactions; Charged particles; Nuclear astrophysics; Cross-sections},
language={English},
url={https://proxying.lib.ncsu.edu/index.php/login?url=https://www.proquest.com/working-papers/transfer-reactions-as-tool-nuclear-astrophysics/docview/2556168924/se-2}
}

@article{Burbidge1957,
  title = {Synthesis of the Elements in Stars},
  author = {Burbidge, E. Margaret and Burbidge, G. R. and Fowler, William A. and Hoyle, F.},
  journal = {Rev. Mod. Phys.},
  volume = {29},
  issue = {4},
  pages = {547--650},
  numpages = {0},
  year = {1957},
  month = {Oct},
  publisher = {American Physical Society},
  doi = {10.1103/RevModPhys.29.547},
  url = {https://link.aps.org/doi/10.1103/RevModPhys.29.547}
}

@article{Busso1999,
author = {Busso, M. and Gallino, R. and Wasserburg, G. J.},
title = {Nucleosynthesis in Asymptotic Giant Branch Stars: Relevance for Galactic Enrichment and Solar System Formation},
journal = {Annual Review of Astronomy and Astrophysics},
volume = {37},
number = {1},
pages = {239-309},
year = {1999},
doi = {10.1146/annurev.astro.37.1.239},
URL = {https://doi.org/10.1146/annurev.astro.37.1.239},
eprint = {https://doi.org/10.1146/annurev.astro.37.1.239}
}

@phdthesis{Harrouz2023,
author = {Djamila Sarah HARROUZ},
title = {Experimental study of the $^{30}\mathrm{Si}(p,\gamma)^{31}\mathrm{P}$ reaction for understanding elemental anomalies in globular clusters},
school = {Universit\'e Paris-Saclay},
year = {2023},
month = {Jan},
type = {PhD thesis}
}

@inproceedings{Reifarth2014,
author = {R. Reifarth},
title = {Nuclear astrophysics of the $s$ and $r$-process},
pages = {},
doi = {},
crossref = {Reifarth_Proceeding}
}

@proceedings{Reifarth_Proceeding,
editor = {},
title = {Neutrons and Nuclei},
booktitle = {Neutrons and Nuclei},
publisher = {Joliot Curie School},
venue = {Fr\'ejus, France},
month = {Sept},
year = {2014},
isbn = {}
}